@book{CLRS,
  title={Introduction to Algorithms},
  author={Cormen, Leiserson, Rivest, Stein},
  year={2009},
  publisher={MIT Press}
}
